<?xml version="1.0" encoding="UTF-8"?><record xmlns="http://www.loc.gov/MARC21/slim" xmlns:cinclude="http://apache.org/cocoon/include/1.0" xmlns:zs="http://www.loc.gov/zing/srw/">
  <leader>00611nz  a2200157n  4500</leader>
  <controlfield tag="001">no2005077425</controlfield>
  <controlfield tag="003">DLC</controlfield>
  <controlfield tag="005">20050820071051.0</controlfield>
  <controlfield tag="008">050819n| acannaabn          |a aaa     c</controlfield>
  <datafield tag="010" ind1=" " ind2=" ">
    <subfield code="a">no2005077425</subfield>
  </datafield>
  <datafield tag="035" ind1=" " ind2=" ">
    <subfield code="a">(OCoLC)oca06712339</subfield>
  </datafield>
  <datafield tag="040" ind1=" " ind2=" ">
    <subfield code="a">TxAbC</subfield>
    <subfield code="b">eng</subfield>
    <subfield code="c">TxAbC</subfield>
  </datafield>
  <datafield tag="100" ind1="1" ind2=" ">
    <subfield code="a">Laurence, Reginald Vere,</subfield>
    <subfield code="d">1876-1934</subfield>
  </datafield>
  <datafield tag="400" ind1="1" ind2=" ">
    <subfield code="a">Laurence, R. V.</subfield>
    <subfield code="q">(Reginald Vere),</subfield>
    <subfield code="d">1876-1934</subfield>
  </datafield>
  <datafield tag="670" ind1=" " ind2=" ">
    <subfield code="a">Lectures on the French revolution, 1910:</subfield>
    <subfield code="b">t.p. (Reginald Vere Laurence)</subfield>
  </datafield>
  <datafield tag="670" ind1=" " ind2=" ">
    <subfield code="a">OCLC, Aug. 19, 2005:</subfield>
    <subfield code="b">(hdgs.: Laurence, Reginald Vere, 1876-1934; Laurence, Reginald Vere, 1876-  ; usages: Reginald Vere Laurence; R.V. Laurence)</subfield>
  </datafield>
</record>